@Article{1,
author = {Ming Yang, Kai Yu},
title = {Real-Time Clothing Recognition in Surveillance Videos},
year = {2011}
}

@Article{2,
author = {Unknown},
title = {Describing Clothing by Semantic Attributes},
year = {2012}
}

@Article{3,
author = {Yannis Kalantidis, Lyndon Kennedy, Li-Jia Li},
title = {Getting the Look: Clothing Recognition and Segmentation for Automatic
Product Suggestions in Everyday Photos},
year = {2013}
}

@Article{4,
author = {Agnés Borràs, Francesc Tous, Josep Lladós and Maria Vanrell},
title = {High-Level Clothes Description Based on Colour-Texture and Structural
Features},
year = {2003}
}

@article{5,
author = {George A. Cushen, Mark S. Nixon},
title = {Mobile Visual Clothing Search},
year = {2013}
}

@article{6,
author = {MathWorks},
title = {MATLAB Documentation},
year = {2016},
url = {www.mathworks.com/help/matlab/index.html}
}

@article{7,
author = {Carsten Rother, Vladimir Kolmogorov, Andrew Blake},
title = {"GrabCut" -- Interactive Foreground Extraction using Iterated Graph
	Cuts},
year = {2012}
}

@article{8,
author = {Yi Yang, Deva Ramanan},
title = {Articulated pose estimation with flexible mixtures-of-parts},
year = {2011}
}

@article{9,
author = {Pedro F. Felzenszwlb, Daniel P. Huttenlocher},
title = {Efficient Graph-Based Image Segmentation},
year = {2004}
}

@article{10,
author = {Yannis Avrithis, Yannis Kalantidis},
title = {Approximate Gaussian Mistures for Large Scale Vocabularies},
year = {2012}
}

@article{11,
author = {Aristedes Giones, Piotr Indyk, Rajeev Motwani},
title = {Similarity Search in High Dimensions via Hashing},
year = {1999}
}

@article{12,
author = {Chanop Silpa-Anan, Richard Hartley},
title = {Optimised KD-trees for fast image descriptor matching},
year = {2008}
}
